<?xml version="1.0" encoding="UTF-8"?><collection xmlns="http://www.loc.gov/MARC21/slim"><record><leader>00454nam--2200133-i-4500</leader><controlfield tag="001">000009419</controlfield><controlfield tag="002">20161230</controlfield><controlfield tag="005">20161230201028</controlfield><controlfield tag="008">060222s1000------------r-----000-0-eng-d</controlfield><datafield ind1=" " ind2=" " tag="080"><subfield code="a">54-16</subfield></datafield><datafield ind1=" " ind2=" " tag="245"><subfield code="a">Organic solid state chemistry. a symposium on organic solid chemistry held at brookhaven national laboratory march 25-28, 1968. edited by ..</subfield></datafield><datafield ind1=" " ind2=" " tag="260"><subfield code="a">New York, Gordon And Breach Science Pub., 1969 Xi + 512 P</subfield></datafield><datafield ind1=" " ind2=" " tag="700"><subfield code="a">Adler, George</subfield></datafield><datafield ind1=" " ind2=" " tag="852"><subfield code="a">33602</subfield></datafield></record></collection>